@Manual{R-base,
  title = {R: A Language and Environment for Statistical Computing},
  author = {{R Core Team}},
  organization = {R Foundation for Statistical Computing},
  address = {Vienna, Austria},
  year = {2022},
  url = {https://www.R-project.org/},
}

@Manual{R-bayestestR,
  title = {bayestestR: Understand and Describe Bayesian Models and Posterior
Distributions},
  author = {Dominique Makowski and Daniel Lüdecke and Mattan S. Ben-Shachar and Indrajeet Patil and Michael D. Wilson and Brenton M. Wiernik},
  year = {2022},
  note = {R package version 0.13.0},
  url = {https://easystats.github.io/bayestestR/},
}

@Manual{R-correlation,
  title = {correlation: Methods for Correlation Analysis},
  author = {Dominique Makowski and Brenton M. Wiernik and Indrajeet Patil and Daniel Lüdecke and Mattan S. Ben-Shachar},
  year = {2022},
  note = {R package version 0.8.3},
  url = {https://easystats.github.io/correlation/},
}

@Manual{R-datawizard,
  title = {datawizard: Easy Data Wrangling and Statistical Transformations},
  author = {Indrajeet Patil and Etienne Bacher and Dominique Makowski and Daniel Lüdecke and Mattan S. Ben-Shachar and Brenton M. Wiernik},
  year = {2022},
  note = {R package version 0.6.5},
  url = {https://easystats.github.io/datawizard/},
}

@Manual{R-dplyr,
  title = {dplyr: A Grammar of Data Manipulation},
  author = {Hadley Wickham and Romain François and Lionel Henry and Kirill Müller},
  year = {2022},
  note = {R package version 1.0.10},
  url = {https://CRAN.R-project.org/package=dplyr},
}

@Manual{R-easystats,
  title = {easystats: Framework for Easy Statistical Modeling, Visualization, and
Reporting},
  author = {Daniel Lüdecke and Dominique Makowski and Mattan S. Ben-Shachar and Indrajeet Patil and Brenton M. Wiernik},
  year = {2022},
  note = {R package version 0.6.0},
  url = {https://easystats.github.io/easystats/},
}

@Manual{R-effectsize,
  title = {effectsize: Indices of Effect Size},
  author = {Mattan S. Ben-Shachar and Dominique Makowski and Daniel Lüdecke and Indrajeet Patil and Brenton M. Wiernik and Rémi Thériault},
  year = {2023},
  note = {R package version 0.8.3},
  url = {https://easystats.github.io/effectsize/},
}

@Manual{R-forcats,
  title = {forcats: Tools for Working with Categorical Variables (Factors)},
  author = {Hadley Wickham},
  year = {2022},
  note = {R package version 0.5.2},
  url = {https://CRAN.R-project.org/package=forcats},
}

@Manual{R-ggplot2,
  title = {ggplot2: Create Elegant Data Visualisations Using the Grammar of Graphics},
  author = {Hadley Wickham and Winston Chang and Lionel Henry and Thomas Lin Pedersen and Kohske Takahashi and Claus Wilke and Kara Woo and Hiroaki Yutani and Dewey Dunnington},
  year = {2022},
  note = {R package version 3.4.0},
  url = {https://CRAN.R-project.org/package=ggplot2},
}

@Manual{R-ggraph,
  title = {ggraph: An Implementation of Grammar of Graphics for Graphs and Networks},
  author = {Thomas Lin Pedersen},
  year = {2022},
  note = {R package version 2.1.0},
  url = {https://CRAN.R-project.org/package=ggraph},
}

@Manual{R-insight,
  title = {insight: Easy Access to Model Information for Various Model Objects},
  author = {Daniel Lüdecke and Dominique Makowski and Indrajeet Patil and Philip Waggoner and Mattan S. Ben-Shachar and Brenton M. Wiernik and Vincent Arel-Bundock},
  year = {2023},
  note = {R package version 0.19.0},
  url = {https://easystats.github.io/insight/},
}

@Manual{R-librarian,
  title = {librarian: Install, Update, Load Packages from CRAN, GitHub, and
Bioconductor in One Step},
  author = {Desi Quintans},
  year = {2021},
  note = {R package version 1.8.1},
  url = {https://github.com/DesiQuintans/librarian},
}

@Manual{R-modelbased,
  title = {modelbased: Estimation of Model-Based Predictions, Contrasts and Means},
  author = {Dominique Makowski and Daniel Lüdecke and Mattan S. Ben-Shachar and Indrajeet Patil},
  year = {2023},
  note = {R package version 0.8.6},
  url = {https://easystats.github.io/modelbased/},
}

@Manual{R-parameters,
  title = {parameters: Processing of Model Parameters},
  author = {Daniel Lüdecke and Dominique Makowski and Mattan S. Ben-Shachar and Indrajeet Patil and Søren Højsgaard and Brenton M. Wiernik},
  year = {2023},
  note = {R package version 0.20.2},
  url = {https://easystats.github.io/parameters/},
}

@Manual{R-performance,
  title = {performance: Assessment of Regression Models Performance},
  author = {Daniel Lüdecke and Dominique Makowski and Mattan S. Ben-Shachar and Indrajeet Patil and Philip Waggoner and Brenton M. Wiernik},
  year = {2023},
  note = {R package version 0.10.2},
  url = {https://easystats.github.io/performance/},
}

@Manual{R-purrr,
  title = {purrr: Functional Programming Tools},
  author = {Lionel Henry and Hadley Wickham},
  year = {2022},
  note = {R package version 0.3.5},
  url = {https://CRAN.R-project.org/package=purrr},
}

@Manual{R-readr,
  title = {readr: Read Rectangular Text Data},
  author = {Hadley Wickham and Jim Hester and Jennifer Bryan},
  year = {2022},
  note = {R package version 2.1.3},
  url = {https://CRAN.R-project.org/package=readr},
}

@Manual{R-report,
  title = {report: Automated Reporting of Results and Statistical Models},
  author = {Dominique Makowski and Daniel Lüdecke and Indrajeet Patil and Rémi Thériault and Mattan S. Ben-Shachar and Brenton M. Wiernik},
  year = {2023},
  note = {R package version 0.5.6},
  url = {https://easystats.github.io/report/},
}

@Manual{R-see,
  title = {see: Model Visualisation Toolbox for easystats and ggplot2},
  author = {Daniel Lüdecke and Dominique Makowski and Indrajeet Patil and Mattan S. Ben-Shachar and Brenton M. Wiernik and Philip Waggoner},
  year = {2022},
  note = {R package version 0.7.4},
  url = {https://easystats.github.io/see/},
}

@Manual{R-stringr,
  title = {stringr: Simple, Consistent Wrappers for Common String Operations},
  author = {Hadley Wickham},
  year = {2022},
  note = {R package version 1.5.0},
  url = {https://CRAN.R-project.org/package=stringr},
}

@Manual{R-tibble,
  title = {tibble: Simple Data Frames},
  author = {Kirill Müller and Hadley Wickham},
  year = {2022},
  note = {R package version 3.1.8},
  url = {https://CRAN.R-project.org/package=tibble},
}

@Manual{R-tidyr,
  title = {tidyr: Tidy Messy Data},
  author = {Hadley Wickham and Maximilian Girlich},
  year = {2022},
  note = {R package version 1.2.1},
  url = {https://CRAN.R-project.org/package=tidyr},
}

@Manual{R-tidyverse,
  title = {tidyverse: Easily Install and Load the Tidyverse},
  author = {Hadley Wickham},
  year = {2022},
  note = {R package version 1.3.2},
  url = {https://CRAN.R-project.org/package=tidyverse},
}

@Article{bayestestR2019,
  title = {bayestestR: Describing Effects and their Uncertainty, Existence and Significance within the Bayesian Framework.},
  author = {Dominique Makowski and Mattan S. Ben-Shachar and Daniel Lüdecke},
  journal = {Journal of Open Source Software},
  doi = {10.21105/joss.01541},
  year = {2019},
  number = {40},
  volume = {4},
  pages = {1541},
  url = {https://joss.theoj.org/papers/10.21105/joss.01541},
}

@Article{correlation2020,
  title = {Methods and Algorithms for Correlation Analysis in R.},
  author = {Dominique Makowski and Mattan S. Ben-Shachar and Indrajeet Patil and Daniel Lüdecke},
  doi = {10.21105/joss.02306},
  year = {2020},
  journal = {Journal of Open Source Software},
  number = {51},
  volume = {5},
  pages = {2306},
  url = {https://joss.theoj.org/papers/10.21105/joss.02306},
}

@Article{datawizard2022,
  title = {{datawizard}: An {R} Package for Easy Data Preparation and Statistical Transformations},
  author = {Indrajeet Patil and Dominique Makowski and Mattan S. Ben-Shachar and Brenton M. Wiernik and Etienne Bacher and Daniel Lüdecke},
  journal = {Journal of Open Source Software},
  year = {2022},
  volume = {7},
  number = {78},
  pages = {4684},
  doi = {10.21105/joss.04684},
}

@Article{easystats2022,
  title = {easystats: Framework for Easy Statistical Modeling, Visualization, and Reporting},
  author = {Daniel Lüdecke and Mattan S. Ben-Shachar and Indrajeet Patil and Brenton M. Wiernik and Dominique Makowski},
  journal = {CRAN},
  year = {2022},
  note = {R package},
  url = {https://easystats.github.io/easystats/},
}

@Article{effectsize2020,
  title = {{e}ffectsize: Estimation of Effect Size Indices and Standardized Parameters},
  author = {Mattan S. Ben-Shachar and Daniel Lüdecke and Dominique Makowski},
  year = {2020},
  journal = {Journal of Open Source Software},
  volume = {5},
  number = {56},
  pages = {2815},
  publisher = {The Open Journal},
  doi = {10.21105/joss.02815},
  url = {https://doi.org/10.21105/joss.02815},
}

@Book{ggplot22016,
  author = {Hadley Wickham},
  title = {ggplot2: Elegant Graphics for Data Analysis},
  publisher = {Springer-Verlag New York},
  year = {2016},
  isbn = {978-3-319-24277-4},
  url = {https://ggplot2.tidyverse.org},
}

@Article{insight2019,
  title = {{insight}: A Unified Interface to Access Information from Model Objects in {R}.},
  volume = {4},
  doi = {10.21105/joss.01412},
  number = {38},
  journal = {Journal of Open Source Software},
  author = {Daniel Lüdecke and Philip Waggoner and Dominique Makowski},
  year = {2019},
  pages = {1412},
}

@Article{modelbased2020,
  title = {Estimation of Model-Based Predictions, Contrasts and Means.},
  author = {Dominique Makowski and Mattan S. Ben-Shachar and Indrajeet Patil and Daniel Lüdecke},
  journal = {CRAN},
  year = {2020},
  url = {https://github.com/easystats/modelbased},
}

@Article{parameters2020,
  title = {Extracting, Computing and Exploring the Parameters of Statistical Models using {R}.},
  volume = {5},
  doi = {10.21105/joss.02445},
  number = {53},
  journal = {Journal of Open Source Software},
  author = {Daniel Lüdecke and Mattan S. Ben-Shachar and Indrajeet Patil and Dominique Makowski},
  year = {2020},
  pages = {2445},
}

@Article{performance2021,
  title = {{performance}: An {R} Package for Assessment, Comparison and Testing of Statistical Models},
  author = {Daniel Lüdecke and Mattan S. Ben-Shachar and Indrajeet Patil and Philip Waggoner and Dominique Makowski},
  year = {2021},
  journal = {Journal of Open Source Software},
  volume = {6},
  number = {60},
  pages = {3139},
  doi = {10.21105/joss.03139},
}

@Article{report2023,
  title = {Automated Results Reporting as a Practical Tool to Improve Reproducibility and Methodological Best Practices Adoption},
  author = {Dominique Makowski and Daniel Lüdecke and Indrajeet Patil and Rémi Thériault},
  year = {2023},
  journal = {CRAN},
  url = {https://easystats.github.io/report/},
}

@Article{see2021,
  title = {{see}: An {R} Package for Visualizing Statistical Models},
  author = {Daniel Lüdecke and Indrajeet Patil and Mattan S. Ben-Shachar and Brenton M. Wiernik and Philip Waggoner and Dominique Makowski},
  journal = {Journal of Open Source Software},
  year = {2021},
  volume = {6},
  number = {64},
  pages = {3393},
  doi = {10.21105/joss.03393},
}

@Article{tidyverse2019,
  title = {Welcome to the {tidyverse}},
  author = {Hadley Wickham and Mara Averick and Jennifer Bryan and Winston Chang and Lucy D'Agostino McGowan and Romain François and Garrett Grolemund and Alex Hayes and Lionel Henry and Jim Hester and Max Kuhn and Thomas Lin Pedersen and Evan Miller and Stephan Milton Bache and Kirill Müller and Jeroen Ooms and David Robinson and Dana Paige Seidel and Vitalie Spinu and Kohske Takahashi and Davis Vaughan and Claus Wilke and Kara Woo and Hiroaki Yutani},
  year = {2019},
  journal = {Journal of Open Source Software},
  volume = {4},
  number = {43},
  pages = {1686},
  doi = {10.21105/joss.01686},
}

