@Article{aarslandSystematicReviewPrevalence2005,
  title = {A Systematic Review of Prevalence Studies of Dementia in {{Parkinson}}'s Disease},
  author = {Dag Aarsland and Julia Zaccai and Carol Brayne},
  date = {2005},
  journaltitle = {Movement disorders: official journal of the Movement Disorder Society},
  volume = {20},
  number = {10},
  pages = {1255--1263},
  publisher = {{Wiley Online Library}},
  isbn = {0885-3185},
}
@Article{dawesCognitiveProfileMultisensory2020,
  title = {A Cognitive Profile of Multi-Sensory Imagery, Memory and Dreaming in Aphantasia},
  author = {Alexei J. Dawes and Rebecca Keogh and Thomas Andrillon and Joel Pearson},
  date = {2020-06-22},
  journaltitle = {Scientific Reports},
  shortjournal = {Sci Rep},
  volume = {10},
  number = {1},
  pages = {10022},
  publisher = {{Nature Publishing Group}},
  issn = {2045-2322},
  doi = {10.1038/s41598-020-65705-7},
  url = {https://www.nature.com/articles/s41598-020-65705-7},
  urldate = {2022-09-21},
  issue = {1},
  langid = {english},
  keywords = {A lire,Accès libre,Correlates - Dreams,Imagery - Auditory,Imagery - Multi-sensory},
  file = {C\:\\Users\\Admin\\Zotero\\storage\\VLHCXUUL\\Dawes et al. - 2020 - A cognitive profile of multi-sensory imagery, memo.pdf;C\:\\Users\\Admin\\Zotero\\storage\\N443S6IU\\s41598-020-65705-7.html},
}

@Article{dawesCognitiveProfileMultisensory2020,
  title = {A Cognitive Profile of Multi-Sensory Imagery, Memory and Dreaming in Aphantasia},
  author = {Alexei J. Dawes and Rebecca Keogh and Thomas Andrillon and Joel Pearson},
  date = {2020-06-22},
  journaltitle = {Scientific Reports},
  shortjournal = {Sci Rep},
  volume = {10},
  number = {1},
  pages = {10022},
  publisher = {{Nature Publishing Group}},
  issn = {2045-2322},
  doi = {10.1038/s41598-020-65705-7},
  url = {https://www.nature.com/articles/s41598-020-65705-7},
  urldate = {2022-09-21},
  issue = {1},
  langid = {english},
  keywords = {A lire,Accès libre,Correlates - Dreams,Imagery - Auditory,Imagery - Multi-sensory},
  file = {C\:\\Users\\Admin\\Zotero\\storage\\UTJWLJ3B\\Dawes et al. - 2020 - A cognitive profile of multi-sensory imagery, memo.pdf;C\:\\Users\\Admin\\Zotero\\storage\\442LRU2C\\s41598-020-65705-7.html},
}
@Thesis{crowderDifferencesSpatialVisualization2018,
  title = {Differences in {{Spatial Visualization Ability}} and {{Vividness}} of {{Spatial Imagery Between People With}} and {{Without Aphantasia}}},
  author = {Anita Crowder},
  date = {2018},
  langid = {english},
  pagetotal = {129},
  keywords = {Accès libre,Life - Arts and creativity,Life - Arts vs STEM,Life - Learning,Lus - Abstract/travers,Lus - Complet},
  file = {C\:\\Users\\Admin\\Zotero\\storage\\XJ7K7J29\\Crowder - Differences in Spatial Visualization Ability and V.pdf},
}

@Article{keoghBlindMindNo2018,
  title = {The Blind Mind: {{No}} Sensory Visual Imagery in Aphantasia},
  shorttitle = {The Blind Mind},
  author = {Rebecca Keogh and Joel Pearson},
  date = {2018-08-01},
  journaltitle = {Cortex},
  shortjournal = {Cortex},
  series = {The {{Eye}}'s {{Mind}} - Visual Imagination, Neuroscience and the Humanities},
  volume = {105},
  pages = {53--60},
  issn = {0010-9452},
  doi = {10.1016/j.cortex.2017.10.012},
  url = {https://www.sciencedirect.com/science/article/pii/S0010945217303581},
  urldate = {2022-09-21},
  langid = {english},
  keywords = {A lire,Accès libre,Correlates - Object/Spatial difference,Methodo - Questionnaires},
  file = {C\:\\Users\\Admin\\Zotero\\storage\\MQUT7HYJ\\Keogh et Pearson - 2018 - The blind mind No sensory visual imagery in aphan.pdf;C\:\\Users\\Admin\\Zotero\\storage\\FA5XI53A\\S0010945217303581.html},
}

@Thesis{nalborczykUnderstandingRuminationForm2019,
  type = {preprint},
  title = {Understanding Rumination as a Form of Inner Speech: Probing the Role of Motor Processes},
  shorttitle = {Understanding Rumination as a Form of Inner Speech},
  author = {Ladislas Nalborczyk},
  date = {2019-09-24},
  institution = {{Thesis Commons}},
  doi = {10.31237/osf.io/p6dct},
  url = {https://osf.io/p6dct},
  urldate = {2021-11-23},
  keywords = {A lire,Accès libre},
  file = {C\:\\Users\\Admin\\Zotero\\storage\\V2H2ZRR6\\Nalborczyk - 2019 - Understanding rumination as a form of inner speech.pdf},
}

@Thesis{crowderDifferencesSpatialVisualization2018,
  title = {Differences in {{Spatial Visualization Ability}} and {{Vividness}} of {{Spatial Imagery Between People With}} and {{Without Aphantasia}}},
  author = {Anita Crowder},
  date = {2018},
  langid = {english},
  pagetotal = {129},
  keywords = {Accès libre,Life - Arts and creativity,Life - Arts vs STEM,Life - Learning,Lus - Abstract/travers,Lus - Complet},
  file = {C\:\\Users\\Admin\\Zotero\\storage\\DL89FH66\\Crowder - Differences in Spatial Visualization Ability and V.pdf},
}

@Article{keoghBlindMindNo2018,
  title = {The Blind Mind: {{No}} Sensory Visual Imagery in Aphantasia},
  shorttitle = {The Blind Mind},
  author = {Rebecca Keogh and Joel Pearson},
  date = {2018-08-01},
  journaltitle = {Cortex},
  shortjournal = {Cortex},
  series = {The {{Eye}}'s {{Mind}} - Visual Imagination, Neuroscience and the Humanities},
  volume = {105},
  pages = {53--60},
  issn = {0010-9452},
  doi = {10.1016/j.cortex.2017.10.012},
  url = {https://www.sciencedirect.com/science/article/pii/S0010945217303581},
  urldate = {2022-09-21},
  langid = {english},
  keywords = {A lire,Accès libre,Correlates - Object/Spatial difference,Methodo - Questionnaires},
  file = {C\:\\Users\\Admin\\Zotero\\storage\\55N6BYMZ\\Keogh et Pearson - 2018 - The blind mind No sensory visual imagery in aphan.pdf;C\:\\Users\\Admin\\Zotero\\storage\\MU8KLQ6F\\S0010945217303581.html},
}

@Report{nalborczykUnderstandingRuminationForm2019,
  type = {preprint},
  title = {Understanding Rumination as a Form of Inner Speech: Probing the Role of Motor Processes},
  shorttitle = {Understanding Rumination as a Form of Inner Speech},
  author = {Ladislas Nalborczyk},
  date = {2019-09-24},
  institution = {{Thesis Commons}},
  doi = {10.31237/osf.io/p6dct},
  url = {https://osf.io/p6dct},
  urldate = {2021-11-23},
  keywords = {A lire,Accès libre},
  file = {C\:\\Users\\Admin\\Zotero\\storage\\N85P7QD5\\Nalborczyk - 2019 - Understanding rumination as a form of inner speech.pdf},
}

@Report{nalborczykUnderstandingRuminationForm2019,
  type = {preprint},
  title = {Understanding Rumination as a Form of Inner Speech: Probing the Role of Motor Processes},
  shorttitle = {Understanding Rumination as a Form of Inner Speech},
  author = {Ladislas Nalborczyk},
  date = {2019-09-24},
  institution = {{Thesis Commons}},
  doi = {10.31237/osf.io/p6dct},
  url = {https://osf.io/p6dct},
  urldate = {2021-11-23},
  file = {C\:\\Users\\Admin\\Zotero\\storage\\S7CPZ2QJ\\Nalborczyk - 2019 - Understanding rumination as a form of inner speech.pdf},
}
@Article{fazekasOfflinePerceptionIntroduction2021,
  title = {Offline Perception: An Introduction},
  shorttitle = {Offline Perception},
  author = {Peter Fazekas and Bence Nanay and Joel Pearson},
  date = {2021-10-28},
  journaltitle = {Philosophical Transactions of the Royal Society B: Biological Sciences},
  volume = {376},
  number = {1817},
  pages = {20190686},
  publisher = {{Royal Society}},
  doi = {10.1098/rstb.2019.0686},
  url = {https://royalsocietypublishing.org/doi/10.1098/rstb.2019.0686},
  urldate = {2022-05-03},
  keywords = {A lire,Accès libre,Format - Review,Imagery - Multi-sensory,Imagery - Visual,Lus - Abstract/travers},
  file = {C\:\\Users\\Admin\\Zotero\\storage\\RQI2QE9K\\Fazekas et al. - 2021 - Offline perception an introduction.pdf},
}

@Article{fazekasOfflinePerceptionIntroduction2021,
  title = {Offline Perception: An Introduction},
  shorttitle = {Offline Perception},
  author = {Peter Fazekas and Bence Nanay and Joel Pearson},
  date = {2021-10-28},
  journaltitle = {Philosophical Transactions of the Royal Society B: Biological Sciences},
  volume = {376},
  number = {1817},
  pages = {20190686},
  publisher = {{Royal Society}},
  doi = {10.1098/rstb.2019.0686},
  url = {https://royalsocietypublishing.org/doi/10.1098/rstb.2019.0686},
  urldate = {2022-05-03},
  keywords = {A lire,Accès libre,Format - Review,Imagery - Multi-sensory,Imagery - Visual,Lus - Abstract/travers},
  file = {C\:\\Users\\Admin\\Zotero\\storage\\ZNZFIPHS\\Fazekas et al. - 2021 - Offline perception an introduction.pdf},
}
@Article{cavedon-taylorPredictiveProcessingPerception2021,
  title = {Predictive {{Processing}} and {{Perception}}: {{What}} Does {{Imagining}} Have to Do with It?},
  author = {Dan Cavedon-Taylor},
  date = {2021-03-25},
  pages = {15},
  langid = {english},
  keywords = {Accès libre,Imagery - Visual,Lus - Abstract/travers,Lus - Complet,Methodo - Philosophy,Model - Predictive processing},
  file = {C\:\\Users\\Admin\\Zotero\\storage\\HHBLVKKQ\\Cavedon-Taylor - Predictive Processing and Perception What does Im.pdf},
}

@Article{cavedon-taylorPredictiveProcessingPerception2021,
  title = {Predictive {{Processing}} and {{Perception}}: {{What}} Does {{Imagining}} Have to Do with It?},
  author = {Dan Cavedon-Taylor},
  date = {2021-03-25},
  pages = {15},
  langid = {english},
  keywords = {Accès libre,Imagery - Visual,Lus - Abstract/travers,Lus - Complet,Methodo - Philosophy,Model - Predictive processing},
  file = {C\:\\Users\\Admin\\Zotero\\storage\\G99DMGGK\\Cavedon-Taylor - Predictive Processing and Perception What does Im.pdf},
}
